<?xml version="1.0" encoding="UTF-8"?>
  <record xmlns="http://www.loc.gov/MARC21/slim" type="Authority">
    <leader>00000nz  a2200000oc 4500</leader>
    <controlfield tag="001">100118038</controlfield>
    <controlfield tag="003">DE-101</controlfield>
    <controlfield tag="005">20220311165011.0</controlfield>
    <controlfield tag="008">900615n||aznnnaabn           | aaa    |c</controlfield>
    <datafield tag="024" ind1="7" ind2=" ">
      <subfield code="a">100118038</subfield>
      <subfield code="0">http://d-nb.info/gnd/100118038</subfield>
      <subfield code="2">gnd</subfield>
    </datafield>
    <datafield tag="035" ind1=" " ind2=" ">
      <subfield code="a">(DE-101)100118038</subfield>
    </datafield>
    <datafield tag="035" ind1=" " ind2=" ">
      <subfield code="a">(DE-588)100118038</subfield>
    </datafield>
    <datafield tag="035" ind1=" " ind2=" ">
      <subfield code="z">(DE-588a)100118038</subfield>
      <subfield code="9">v:zg</subfield>
    </datafield>
    <datafield tag="040" ind1=" " ind2=" ">
      <subfield code="a">DE-12</subfield>
      <subfield code="c">DE-12</subfield>
      <subfield code="9">r:DE-12</subfield>
      <subfield code="b">ger</subfield>
      <subfield code="d">9999</subfield>
    </datafield>
    <datafield tag="042" ind1=" " ind2=" ">
      <subfield code="a">gnd3</subfield>
    </datafield>
    <datafield tag="043" ind1=" " ind2=" ">
      <subfield code="c">XA-DE</subfield>
    </datafield>
    <datafield tag="075" ind1=" " ind2=" ">
      <subfield code="b">p</subfield>
      <subfield code="2">gndgen</subfield>
    </datafield>
    <datafield tag="075" ind1=" " ind2=" ">
      <subfield code="b">piz</subfield>
      <subfield code="2">gndspec</subfield>
    </datafield>
    <datafield tag="079" ind1=" " ind2=" ">
      <subfield code="a">g</subfield>
      <subfield code="q">a</subfield>
      <subfield code="q">f</subfield>
    </datafield>
    <datafield tag="100" ind1="1" ind2=" ">
      <subfield code="a">Ecard, Heinrich</subfield>
      <subfield code="d">15XX-156X</subfield>
    </datafield>
    <datafield tag="400" ind1="1" ind2=" ">
      <subfield code="a">Eccard, Heinrich</subfield>
      <subfield code="d">15XX-156X</subfield>
    </datafield>
    <datafield tag="400" ind1="1" ind2=" ">
      <subfield code="a">Eckard, Heinrich</subfield>
      <subfield code="d">15XX-156X</subfield>
    </datafield>
    <datafield tag="400" ind1="1" ind2=" ">
      <subfield code="a">Eckhard, Heinrich</subfield>
      <subfield code="d">15XX-156X</subfield>
    </datafield>
    <datafield tag="400" ind1="1" ind2=" ">
      <subfield code="a">Eghard, Heinrich</subfield>
      <subfield code="d">15XX-156X</subfield>
    </datafield>
    <datafield tag="400" ind1="1" ind2=" ">
      <subfield code="a">Eckhardi, Heinrich</subfield>
      <subfield code="d">15XX-156X</subfield>
    </datafield>
    <datafield tag="400" ind1="1" ind2=" ">
      <subfield code="a">Eghartus, Henricus</subfield>
      <subfield code="d">15XX-156X</subfield>
    </datafield>
    <datafield tag="400" ind1="1" ind2=" ">
      <subfield code="a">Ecardus, Henricus</subfield>
      <subfield code="d">15XX-156X</subfield>
    </datafield>
    <datafield tag="400" ind1="1" ind2=" ">
      <subfield code="a">Eghardus, Henricus</subfield>
      <subfield code="d">15XX-156X</subfield>
    </datafield>
    <datafield tag="500" ind1="1" ind2=" ">
      <subfield code="0">(DE-101)117126586</subfield>
      <subfield code="0">(DE-588)117126586</subfield>
      <subfield code="0">https://d-nb.info/gnd/117126586</subfield>
      <subfield code="a">Moninger, Johann</subfield>
      <subfield code="d">-1584</subfield>
      <subfield code="4">beza</subfield>
      <subfield code="4">https://d-nb.info/standards/elementset/gnd#acquaintanceshipOrFriendship</subfield>
      <subfield code="w">r</subfield>
      <subfield code="i">Bekanntschaft</subfield>
      <subfield code="e">Bekanntschaft</subfield>
      <subfield code="9">v:VD-16 Mitverf.</subfield>
    </datafield>
    <datafield tag="500" ind1="1" ind2=" ">
      <subfield code="0">(DE-101)119819554</subfield>
      <subfield code="0">(DE-588)119819554</subfield>
      <subfield code="0">https://d-nb.info/gnd/119819554</subfield>
      <subfield code="a">Schilherus, Matthias</subfield>
      <subfield code="4">beza</subfield>
      <subfield code="4">https://d-nb.info/standards/elementset/gnd#acquaintanceshipOrFriendship</subfield>
      <subfield code="w">r</subfield>
      <subfield code="i">Bekanntschaft</subfield>
      <subfield code="e">Bekanntschaft</subfield>
      <subfield code="9">v:VD-16 Mitverf.</subfield>
    </datafield>
    <datafield tag="500" ind1="1" ind2=" ">
      <subfield code="0">(DE-101)119612658</subfield>
      <subfield code="0">(DE-588)119612658</subfield>
      <subfield code="0">https://d-nb.info/gnd/119612658</subfield>
      <subfield code="a">Balsmann, Nathanael</subfield>
      <subfield code="4">beza</subfield>
      <subfield code="4">https://d-nb.info/standards/elementset/gnd#acquaintanceshipOrFriendship</subfield>
      <subfield code="w">r</subfield>
      <subfield code="i">Bekanntschaft</subfield>
      <subfield code="e">Bekanntschaft</subfield>
      <subfield code="9">v:VD-16 Mitverf.</subfield>
    </datafield>
    <datafield tag="500" ind1="1" ind2=" ">
      <subfield code="0">(DE-101)119646528</subfield>
      <subfield code="0">(DE-588)119646528</subfield>
      <subfield code="0">https://d-nb.info/gnd/119646528</subfield>
      <subfield code="a">Corvinus, Elias</subfield>
      <subfield code="4">beza</subfield>
      <subfield code="4">https://d-nb.info/standards/elementset/gnd#acquaintanceshipOrFriendship</subfield>
      <subfield code="w">r</subfield>
      <subfield code="i">Bekanntschaft</subfield>
      <subfield code="e">Bekanntschaft</subfield>
      <subfield code="9">v:VD-16 Mitverf.</subfield>
    </datafield>
    <datafield tag="500" ind1="1" ind2=" ">
      <subfield code="0">(DE-101)11966822X</subfield>
      <subfield code="0">(DE-588)11966822X</subfield>
      <subfield code="0">https://d-nb.info/gnd/11966822X</subfield>
      <subfield code="a">Fabricius, Paul</subfield>
      <subfield code="4">beza</subfield>
      <subfield code="4">https://d-nb.info/standards/elementset/gnd#acquaintanceshipOrFriendship</subfield>
      <subfield code="w">r</subfield>
      <subfield code="i">Bekanntschaft</subfield>
      <subfield code="e">Bekanntschaft</subfield>
      <subfield code="9">v:VD-16 Mitverf.</subfield>
    </datafield>
    <datafield tag="500" ind1="1" ind2=" ">
      <subfield code="0">(DE-101)100288561</subfield>
      <subfield code="0">(DE-588)100288561</subfield>
      <subfield code="0">https://d-nb.info/gnd/100288561</subfield>
      <subfield code="a">Jacobaeus, Veit</subfield>
      <subfield code="d">-1568</subfield>
      <subfield code="4">beza</subfield>
      <subfield code="4">https://d-nb.info/standards/elementset/gnd#acquaintanceshipOrFriendship</subfield>
      <subfield code="w">r</subfield>
      <subfield code="i">Bekanntschaft</subfield>
      <subfield code="e">Bekanntschaft</subfield>
      <subfield code="9">v:VD-16 Mitverf.</subfield>
    </datafield>
    <datafield tag="500" ind1="1" ind2=" ">
      <subfield code="0">(DE-101)119739895</subfield>
      <subfield code="0">(DE-588)119739895</subfield>
      <subfield code="0">https://d-nb.info/gnd/119739895</subfield>
      <subfield code="a">Lauterbach, Hieronymus</subfield>
      <subfield code="d">1531-1577</subfield>
      <subfield code="4">beza</subfield>
      <subfield code="4">https://d-nb.info/standards/elementset/gnd#acquaintanceshipOrFriendship</subfield>
      <subfield code="w">r</subfield>
      <subfield code="i">Bekanntschaft</subfield>
      <subfield code="e">Bekanntschaft</subfield>
      <subfield code="9">v:VD-16 Mitverf.</subfield>
    </datafield>
    <datafield tag="500" ind1="1" ind2=" ">
      <subfield code="0">(DE-101)119739917</subfield>
      <subfield code="0">(DE-588)119739917</subfield>
      <subfield code="0">https://d-nb.info/gnd/119739917</subfield>
      <subfield code="a">Lauterbach, Johannes</subfield>
      <subfield code="4">beza</subfield>
      <subfield code="4">https://d-nb.info/standards/elementset/gnd#acquaintanceshipOrFriendship</subfield>
      <subfield code="w">r</subfield>
      <subfield code="i">Bekanntschaft</subfield>
      <subfield code="e">Bekanntschaft</subfield>
      <subfield code="9">v:VD-16 Mitverf.</subfield>
    </datafield>
    <datafield tag="500" ind1="1" ind2=" ">
      <subfield code="0">(DE-101)118726870</subfield>
      <subfield code="0">(DE-588)118726870</subfield>
      <subfield code="0">https://d-nb.info/gnd/118726870</subfield>
      <subfield code="a">Lazius, Wolfgang</subfield>
      <subfield code="d">1514-1565</subfield>
      <subfield code="4">beza</subfield>
      <subfield code="4">https://d-nb.info/standards/elementset/gnd#acquaintanceshipOrFriendship</subfield>
      <subfield code="w">r</subfield>
      <subfield code="i">Bekanntschaft</subfield>
      <subfield code="e">Bekanntschaft</subfield>
      <subfield code="9">v:VD-16 Mitverf.</subfield>
    </datafield>
    <datafield tag="500" ind1="1" ind2=" ">
      <subfield code="0">(DE-101)119762978</subfield>
      <subfield code="0">(DE-588)119762978</subfield>
      <subfield code="0">https://d-nb.info/gnd/119762978</subfield>
      <subfield code="a">Mitkreuch, Georg</subfield>
      <subfield code="4">beza</subfield>
      <subfield code="4">https://d-nb.info/standards/elementset/gnd#acquaintanceshipOrFriendship</subfield>
      <subfield code="w">r</subfield>
      <subfield code="i">Bekanntschaft</subfield>
      <subfield code="e">Bekanntschaft</subfield>
      <subfield code="9">v:VD-16 Mitverf.</subfield>
    </datafield>
    <datafield tag="548" ind1=" " ind2=" ">
      <subfield code="a">15XX-156X</subfield>
      <subfield code="4">datl</subfield>
      <subfield code="4">https://d-nb.info/standards/elementset/gnd#dateOfBirthAndDeath</subfield>
      <subfield code="w">r</subfield>
      <subfield code="i">Lebensdaten</subfield>
    </datafield>
    <datafield tag="548" ind1=" " ind2=" ">
      <subfield code="a">1550-1558</subfield>
      <subfield code="4">datw</subfield>
      <subfield code="4">https://d-nb.info/standards/elementset/gnd#periodOfActivity</subfield>
      <subfield code="w">r</subfield>
      <subfield code="i">Wirkungsdaten</subfield>
      <subfield code="9">v:geboren ca. 1530</subfield>
    </datafield>
    <datafield tag="550" ind1=" " ind2=" ">
      <subfield code="0">(DE-101)040533093</subfield>
      <subfield code="0">(DE-588)4053309-8</subfield>
      <subfield code="0">https://d-nb.info/gnd/4053309-8</subfield>
      <subfield code="a">Schriftsteller</subfield>
      <subfield code="4">berc</subfield>
      <subfield code="4">https://d-nb.info/standards/elementset/gnd#professionOrOccupation</subfield>
      <subfield code="w">r</subfield>
      <subfield code="i">Charakteristischer Beruf</subfield>
    </datafield>
    <datafield tag="550" ind1=" " ind2=" ">
      <subfield code="0">(DE-101)040350886</subfield>
      <subfield code="0">(DE-588)4035088-5</subfield>
      <subfield code="0">https://d-nb.info/gnd/4035088-5</subfield>
      <subfield code="a">Lehrer</subfield>
      <subfield code="4">beru</subfield>
      <subfield code="4">https://d-nb.info/standards/elementset/gnd#professionOrOccupation</subfield>
      <subfield code="w">r</subfield>
      <subfield code="i">Beruf</subfield>
    </datafield>
    <datafield tag="551" ind1=" " ind2=" ">
      <subfield code="0">(DE-101)040427420</subfield>
      <subfield code="0">(DE-588)4042742-0</subfield>
      <subfield code="0">https://d-nb.info/gnd/4042742-0</subfield>
      <subfield code="a">Nürnberg</subfield>
      <subfield code="4">ortg</subfield>
      <subfield code="4">https://d-nb.info/standards/elementset/gnd#placeOfBirth</subfield>
      <subfield code="w">r</subfield>
      <subfield code="i">Geburtsort</subfield>
    </datafield>
    <datafield tag="551" ind1=" " ind2=" ">
      <subfield code="0">(DE-101)042613485</subfield>
      <subfield code="0">(DE-588)4261348-6</subfield>
      <subfield code="0">https://d-nb.info/gnd/4261348-6</subfield>
      <subfield code="a">Hiltpoltstein</subfield>
      <subfield code="4">orts</subfield>
      <subfield code="4">https://d-nb.info/standards/elementset/gnd#placeOfDeath</subfield>
      <subfield code="w">r</subfield>
      <subfield code="i">Sterbeort</subfield>
    </datafield>
    <datafield tag="667" ind1=" " ind2=" ">
      <subfield code="a">12</subfield>
    </datafield>
    <datafield tag="667" ind1=" " ind2=" ">
      <subfield code="a">VD-16</subfield>
    </datafield>
    <datafield tag="670" ind1=" " ind2=" ">
      <subfield code="a">DbA I 264,1-5</subfield>
    </datafield>
    <datafield tag="670" ind1=" " ind2=" ">
      <subfield code="a">NUC</subfield>
    </datafield>
    <datafield tag="672" ind1=" " ind2="0">
      <subfield code="a">Eckhardi, Heinrich: Carmen elegiacum scriptum in honorem nuptiarum ... Sixti Huberi</subfield>
      <subfield code="f">1553</subfield>
    </datafield>
    <datafield tag="672" ind1=" " ind2="0">
      <subfield code="a">Eckhardi, Heinrich: In honorem nuptiarum Melchioris Michaelis Norimbergens. elegia ..</subfield>
      <subfield code="f">1550</subfield>
    </datafield>
    <datafield tag="672" ind1=" " ind2="0">
      <subfield code="a">Eckhardi, Heinrich: De resurrectione filii dei</subfield>
      <subfield code="f">1551</subfield>
    </datafield>
    <datafield tag="672" ind1=" " ind2="0">
      <subfield code="a">Eckhardi, Heinrich: Epithalamion de coniugio Georgii Gruneri Noribergensis</subfield>
      <subfield code="f">1551</subfield>
    </datafield>
    <datafield tag="672" ind1=" " ind2="0">
      <subfield code="a">Eckhardi, Heinrich: Epithalamion scriptum Andreae Wolfio I. U. Doctori ..</subfield>
      <subfield code="f">1551</subfield>
    </datafield>
    <datafield tag="672" ind1=" " ind2="0">
      <subfield code="a">Eckhardi, Heinrich: De natali domini et salvatoris nostri Jesu Christi</subfield>
      <subfield code="f">1551</subfield>
    </datafield>
    <datafield tag="672" ind1=" " ind2="0">
      <subfield code="a">Ecard, Heinrich: EPITHALAMION SCRIPTVM HONESTO et erudito viro M.Sixto Hammoni Schvvabachensi, &amp; honestae ... 1551. (VD16 E 209)</subfield>
    </datafield>
    <datafield tag="672" ind1=" " ind2="0">
      <subfield code="a">Ecard, Heinrich: Epithalamion de coniugio Georgii Gruneri Noribergensis quaestoris praefecturae Wittebergensis. 1551. (VD16 E 207)</subfield>
    </datafield>
    <datafield tag="672" ind1=" " ind2="0">
      <subfield code="a">Ecard, Heinrich: TRES PSALMI DAVIDIS, ELEGIACO CARMINE REDDITI. AVTORE HENRICO ECARDO ... 1552. (VD16 ZV 21433)</subfield>
    </datafield>
    <datafield tag="672" ind1=" " ind2="0">
      <subfield code="a">Ecard, Heinrich: Tetrasticha evangeliorum dominicalium summulam quandam complectentia, Scripta in gratiam Honestae ... 1558. (VD16 E 214)</subfield>
    </datafield>
    <datafield tag="672" ind1=" " ind2="0">
      <subfield code="a">Ecard, Heinrich: In honorem nuptiarum magistri Melchioris Michaelis Norimbergensis elegia gratulatoria. 1550. (VD16 E 210)</subfield>
    </datafield>
    <datafield tag="672" ind1=" " ind2="0">
      <subfield code="a">Ecard, Heinrich: ELEGIA DE CONIVGIO MICHAELIS MAII NORIMBERGENSIS: Scripta ab Henrico Eghardo ... 1550. (VD16 E 206)</subfield>
    </datafield>
    <datafield tag="672" ind1=" " ind2="0">
      <subfield code="a">Ecard, Heinrich: PSALMVS LXXXIIII. QVAM DILECTA SVNT Tabernacula tua &amp;c. Scriptus ab Henrico Ecardo ... 1552. (VD16 E 212)</subfield>
    </datafield>
    <datafield tag="672" ind1=" " ind2="0">
      <subfield code="a">Ecard, Heinrich: CARMEN ELEGIACVM, SCRIPTVM IN HOnorem nuptiarum Honesti &amp; eruditi viri M. Sixti Huberi, &amp; ... 1553. (VD16 E 205)</subfield>
    </datafield>
    <datafield tag="672" ind1=" " ind2="0">
      <subfield code="a">Ecard, Heinrich: DE NATALI DOMINI ET SALVATORIS NOSTRI IESV CHRISTI ELEGIA HENRICI ECKHARDI ... 1551. (VD16 E 211)</subfield>
    </datafield>
    <datafield tag="672" ind1=" " ind2="0">
      <subfield code="a">Ecard, Heinrich: Epithalamion scriptum honesto et erudito viro m. Georgio Wagnero Noribergensi et honestae virgini Ursulae Lentzin Witenbergensi. 1552. (VD16 ZV 4838)</subfield>
    </datafield>
    <datafield tag="678" ind1=" " ind2=" ">
      <subfield code="b">Dt. Pädagoge und lat. Poet</subfield>
    </datafield>
    <datafield tag="913" ind1=" " ind2=" ">
      <subfield code="S">pnd</subfield>
      <subfield code="i">a</subfield>
      <subfield code="a">Ecard, Heinrich</subfield>
      <subfield code="0">(DE-588a)100118038</subfield>
    </datafield>
  </record>
